%YAML 1.1
%TAG !u! tag:unity3d.com,2011:
--- !u!29 &1
OcclusionCullingSettings:
  m_ObjectHideFlags: 0
  serializedVersion: 2
  m_OcclusionBakeSettings:
    smallestOccluder: 5
    smallestHole: 0.25
    backfaceThreshold: 100
  m_SceneGUID: 00000000000000000000000000000000
  m_OcclusionCullingData: {fileID: 0}
--- !u!104 &2
RenderSettings:
  m_ObjectHideFlags: 0
  serializedVersion: 8
  m_Fog: 0
  m_FogColor: {r: 0.5, g: 0.5, b: 0.5, a: 1}
  m_FogMode: 3
  m_FogDensity: 0.01
  m_LinearFogStart: 0
  m_LinearFogEnd: 300
  m_AmbientSkyColor: {r: 0.1, g: 0.1, b: 0.1, a: 1}
  m_AmbientEquatorColor: {r: 0.114, g: 0.125, b: 0.133, a: 1}
  m_AmbientGroundColor: {r: 0.047, g: 0.043, b: 0.035, a: 1}
  m_AmbientIntensity: 1
  m_AmbientMode: 4
  m_SubtractiveShadowColor: {r: 0.42, g: 0.478, b: 0.627, a: 1}
  m_SkyboxMaterial: {fileID: 10304, guid: 0000000000000000f000000000000000, type: 0}
  m_HaloStrength: 0.5
  m_FlareStrength: 1
  m_FlareFadeSpeed: 3
  m_HaloTexture: {fileID: 0}
  m_SpotCookie: {fileID: 10001, guid: 0000000000000000e000000000000000, type: 0}
  m_DefaultReflectionMode: 0
  m_DefaultReflectionResolution: 128
  m_ReflectionBounces: 1
  m_ReflectionIntensity: 1
  m_CustomReflection: {fileID: 0}
  m_Sun: {fileID: 0}
  m_IndirectSpecularColor: {r: 0.4367691, g: 0.48438346, b: 0.5646302, a: 1}
--- !u!157 &3
LightmapSettings:
  m_ObjectHideFlags: 0
  serializedVersion: 11
  m_GIWorkflowMode: 0
  m_GISettings:
    serializedVersion: 2
    m_BounceScale: 1
    m_IndirectOutputScale: 1
    m_AlbedoBoost: 1
    m_TemporalCoherenceThreshold: 1
    m_EnvironmentLightingMode: 0
    m_EnableBakedLightmaps: 1
    m_EnableRealtimeLightmaps: 1
  m_LightmapEditorSettings:
    serializedVersion: 9
    m_Resolution: 2
    m_BakeResolution: 40
    m_TextureWidth: 1024
    m_TextureHeight: 1024
    m_AO: 0
    m_AOMaxDistance: 1
    m_CompAOExponent: 1
    m_CompAOExponentDirect: 0
    m_Padding: 2
    m_LightmapParameters: {fileID: 0}
    m_LightmapsBakeMode: 1
    m_TextureCompression: 1
    m_FinalGather: 0
    m_FinalGatherFiltering: 1
    m_FinalGatherRayCount: 256
    m_ReflectionCompression: 2
    m_MixedBakeMode: 2
    m_BakeBackend: 0
    m_PVRSampling: 1
    m_PVRDirectSampleCount: 32
    m_PVRSampleCount: 500
    m_PVRBounces: 2
    m_PVRFilterTypeDirect: 0
    m_PVRFilterTypeIndirect: 0
    m_PVRFilterTypeAO: 0
    m_PVRFilteringMode: 1
    m_PVRCulling: 1
    m_PVRFilteringGaussRadiusDirect: 1
    m_PVRFilteringGaussRadiusIndirect: 5
    m_PVRFilteringGaussRadiusAO: 2
    m_PVRFilteringAtrousPositionSigmaDirect: 0.5
    m_PVRFilteringAtrousPositionSigmaIndirect: 2
    m_PVRFilteringAtrousPositionSigmaAO: 1
    m_ShowResolutionOverlay: 1
  m_LightingDataAsset: {fileID: 0}
  m_UseShadowmask: 1
--- !u!196 &4
NavMeshSettings:
  serializedVersion: 2
  m_ObjectHideFlags: 0
  m_BuildSettings:
    serializedVersion: 2
    agentTypeID: 0
    agentRadius: 0.5
    agentHeight: 2
    agentSlope: 30
    agentClimb: 0.4
    ledgeDropHeight: 0
    maxJumpAcrossDistance: 0
    minRegionArea: 2
    manualCellSize: 0
    cellSize: 0.16666667
    manualTileSize: 0
    tileSize: 256
    accuratePlacement: 0
    debug:
      m_Flags: 0
  m_NavMeshData: {fileID: 23800000, guid: 352e8830087b3454390b20d0049b4777, type: 2}
--- !u!1001 &164769532
Prefab:
  m_ObjectHideFlags: 0
  serializedVersion: 2
  m_Modification:
    m_TransformParent: {fileID: 0}
    m_Modifications:
    - target: {fileID: 4276111303797634, guid: 2aa40f67abc7e4fd4b16b5399fa4cd94, type: 2}
      propertyPath: m_LocalPosition.x
      value: 129.14
      objectReference: {fileID: 0}
    - target: {fileID: 4276111303797634, guid: 2aa40f67abc7e4fd4b16b5399fa4cd94, type: 2}
      propertyPath: m_LocalPosition.y
      value: -21
      objectReference: {fileID: 0}
    - target: {fileID: 4276111303797634, guid: 2aa40f67abc7e4fd4b16b5399fa4cd94, type: 2}
      propertyPath: m_LocalPosition.z
      value: 108.98
      objectReference: {fileID: 0}
    - target: {fileID: 4276111303797634, guid: 2aa40f67abc7e4fd4b16b5399fa4cd94, type: 2}
      propertyPath: m_LocalRotation.x
      value: -0
      objectReference: {fileID: 0}
    - target: {fileID: 4276111303797634, guid: 2aa40f67abc7e4fd4b16b5399fa4cd94, type: 2}
      propertyPath: m_LocalRotation.y
      value: -0
      objectReference: {fileID: 0}
    - target: {fileID: 4276111303797634, guid: 2aa40f67abc7e4fd4b16b5399fa4cd94, type: 2}
      propertyPath: m_LocalRotation.z
      value: -0
      objectReference: {fileID: 0}
    - target: {fileID: 4276111303797634, guid: 2aa40f67abc7e4fd4b16b5399fa4cd94, type: 2}
      propertyPath: m_LocalRotation.w
      value: 1
      objectReference: {fileID: 0}
    - target: {fileID: 4276111303797634, guid: 2aa40f67abc7e4fd4b16b5399fa4cd94, type: 2}
      propertyPath: m_RootOrder
      value: 21
      objectReference: {fileID: 0}
    - target: {fileID: 1615546242170994, guid: 2aa40f67abc7e4fd4b16b5399fa4cd94, type: 2}
      propertyPath: m_Name
      value: Doux (2)
      objectReference: {fileID: 0}
    - target: {fileID: 1615546242170994, guid: 2aa40f67abc7e4fd4b16b5399fa4cd94, type: 2}
      propertyPath: m_IsActive
      value: 0
      objectReference: {fileID: 0}
    m_RemovedComponents: []
  m_ParentPrefab: {fileID: 100100000, guid: 2aa40f67abc7e4fd4b16b5399fa4cd94, type: 2}
  m_IsPrefabParent: 0
--- !u!1001 &211598125
Prefab:
  m_ObjectHideFlags: 0
  serializedVersion: 2
  m_Modification:
    m_TransformParent: {fileID: 0}
    m_Modifications:
    - target: {fileID: 4276111303797634, guid: 2aa40f67abc7e4fd4b16b5399fa4cd94, type: 2}
      propertyPath: m_LocalPosition.x
      value: 133.49
      objectReference: {fileID: 0}
    - target: {fileID: 4276111303797634, guid: 2aa40f67abc7e4fd4b16b5399fa4cd94, type: 2}
      propertyPath: m_LocalPosition.y
      value: -21
      objectReference: {fileID: 0}
    - target: {fileID: 4276111303797634, guid: 2aa40f67abc7e4fd4b16b5399fa4cd94, type: 2}
      propertyPath: m_LocalPosition.z
      value: 108.98
      objectReference: {fileID: 0}
    - target: {fileID: 4276111303797634, guid: 2aa40f67abc7e4fd4b16b5399fa4cd94, type: 2}
      propertyPath: m_LocalRotation.x
      value: -0
      objectReference: {fileID: 0}
    - target: {fileID: 4276111303797634, guid: 2aa40f67abc7e4fd4b16b5399fa4cd94, type: 2}
      propertyPath: m_LocalRotation.y
      value: -0
      objectReference: {fileID: 0}
    - target: {fileID: 4276111303797634, guid: 2aa40f67abc7e4fd4b16b5399fa4cd94, type: 2}
      propertyPath: m_LocalRotation.z
      value: -0
      objectReference: {fileID: 0}
    - target: {fileID: 4276111303797634, guid: 2aa40f67abc7e4fd4b16b5399fa4cd94, type: 2}
      propertyPath: m_LocalRotation.w
      value: 1
      objectReference: {fileID: 0}
    - target: {fileID: 4276111303797634, guid: 2aa40f67abc7e4fd4b16b5399fa4cd94, type: 2}
      propertyPath: m_RootOrder
      value: 20
      objectReference: {fileID: 0}
    - target: {fileID: 1615546242170994, guid: 2aa40f67abc7e4fd4b16b5399fa4cd94, type: 2}
      propertyPath: m_Name
      value: Doux (1)
      objectReference: {fileID: 0}
    - target: {fileID: 1615546242170994, guid: 2aa40f67abc7e4fd4b16b5399fa4cd94, type: 2}
      propertyPath: m_IsActive
      value: 0
      objectReference: {fileID: 0}
    m_RemovedComponents: []
  m_ParentPrefab: {fileID: 100100000, guid: 2aa40f67abc7e4fd4b16b5399fa4cd94, type: 2}
  m_IsPrefabParent: 0
--- !u!1001 &261118996
Prefab:
  m_ObjectHideFlags: 0
  serializedVersion: 2
  m_Modification:
    m_TransformParent: {fileID: 0}
    m_Modifications:
    - target: {fileID: 4897810108852956, guid: f63e650d0816544aa8b6f1d3f6913e45, type: 2}
      propertyPath: m_LocalPosition.x
      value: 126.699646
      objectReference: {fileID: 0}
    - target: {fileID: 4897810108852956, guid: f63e650d0816544aa8b6f1d3f6913e45, type: 2}
      propertyPath: m_LocalPosition.y
      value: -21
      objectReference: {fileID: 0}
    - target: {fileID: 4897810108852956, guid: f63e650d0816544aa8b6f1d3f6913e45, type: 2}
      propertyPath: m_LocalPosition.z
      value: 118.09
      objectReference: {fileID: 0}
    - target: {fileID: 4897810108852956, guid: f63e650d0816544aa8b6f1d3f6913e45, type: 2}
      propertyPath: m_LocalRotation.x
      value: 0
      objectReference: {fileID: 0}
    - target: {fileID: 4897810108852956, guid: f63e650d0816544aa8b6f1d3f6913e45, type: 2}
      propertyPath: m_LocalRotation.y
      value: -0
      objectReference: {fileID: 0}
    - target: {fileID: 4897810108852956, guid: f63e650d0816544aa8b6f1d3f6913e45, type: 2}
      propertyPath: m_LocalRotation.z
      value: -0
      objectReference: {fileID: 0}
    - target: {fileID: 4897810108852956, guid: f63e650d0816544aa8b6f1d3f6913e45, type: 2}
      propertyPath: m_LocalRotation.w
      value: 1
      objectReference: {fileID: 0}
    - target: {fileID: 4897810108852956, guid: f63e650d0816544aa8b6f1d3f6913e45, type: 2}
      propertyPath: m_RootOrder
      value: 12
      objectReference: {fileID: 0}
    - target: {fileID: 1896615553607456, guid: f63e650d0816544aa8b6f1d3f6913e45, type: 2}
      propertyPath: m_Name
      value: Wand (1)
      objectReference: {fileID: 0}
    - target: {fileID: 1896615553607456, guid: f63e650d0816544aa8b6f1d3f6913e45, type: 2}
      propertyPath: m_IsActive
      value: 0
      objectReference: {fileID: 0}
    m_RemovedComponents: []
  m_ParentPrefab: {fileID: 100100000, guid: f63e650d0816544aa8b6f1d3f6913e45, type: 2}
  m_IsPrefabParent: 0
--- !u!1001 &313566017
Prefab:
  m_ObjectHideFlags: 0
  serializedVersion: 2
  m_Modification:
    m_TransformParent: {fileID: 0}
    m_Modifications:
    - target: {fileID: 4897810108852956, guid: f63e650d0816544aa8b6f1d3f6913e45, type: 2}
      propertyPath: m_LocalPosition.x
      value: 130.78
      objectReference: {fileID: 0}
    - target: {fileID: 4897810108852956, guid: f63e650d0816544aa8b6f1d3f6913e45, type: 2}
      propertyPath: m_LocalPosition.y
      value: -21
      objectReference: {fileID: 0}
    - target: {fileID: 4897810108852956, guid: f63e650d0816544aa8b6f1d3f6913e45, type: 2}
      propertyPath: m_LocalPosition.z
      value: 116.53
      objectReference: {fileID: 0}
    - target: {fileID: 4897810108852956, guid: f63e650d0816544aa8b6f1d3f6913e45, type: 2}
      propertyPath: m_LocalRotation.x
      value: 0
      objectReference: {fileID: 0}
    - target: {fileID: 4897810108852956, guid: f63e650d0816544aa8b6f1d3f6913e45, type: 2}
      propertyPath: m_LocalRotation.y
      value: -0
      objectReference: {fileID: 0}
    - target: {fileID: 4897810108852956, guid: f63e650d0816544aa8b6f1d3f6913e45, type: 2}
      propertyPath: m_LocalRotation.z
      value: -0
      objectReference: {fileID: 0}
    - target: {fileID: 4897810108852956, guid: f63e650d0816544aa8b6f1d3f6913e45, type: 2}
      propertyPath: m_LocalRotation.w
      value: 1
      objectReference: {fileID: 0}
    - target: {fileID: 4897810108852956, guid: f63e650d0816544aa8b6f1d3f6913e45, type: 2}
      propertyPath: m_RootOrder
      value: 14
      objectReference: {fileID: 0}
    - target: {fileID: 1896615553607456, guid: f63e650d0816544aa8b6f1d3f6913e45, type: 2}
      propertyPath: m_Name
      value: Wand (3)
      objectReference: {fileID: 0}
    - target: {fileID: 1896615553607456, guid: f63e650d0816544aa8b6f1d3f6913e45, type: 2}
      propertyPath: m_IsActive
      value: 0
      objectReference: {fileID: 0}
    m_RemovedComponents: []
  m_ParentPrefab: {fileID: 100100000, guid: f63e650d0816544aa8b6f1d3f6913e45, type: 2}
  m_IsPrefabParent: 0
--- !u!1001 &399048146
Prefab:
  m_ObjectHideFlags: 0
  serializedVersion: 2
  m_Modification:
    m_TransformParent: {fileID: 0}
    m_Modifications:
    - target: {fileID: 4897810108852956, guid: f63e650d0816544aa8b6f1d3f6913e45, type: 2}
      propertyPath: m_LocalPosition.x
      value: 129.02
      objectReference: {fileID: 0}
    - target: {fileID: 4897810108852956, guid: f63e650d0816544aa8b6f1d3f6913e45, type: 2}
      propertyPath: m_LocalPosition.y
      value: -21
      objectReference: {fileID: 0}
    - target: {fileID: 4897810108852956, guid: f63e650d0816544aa8b6f1d3f6913e45, type: 2}
      propertyPath: m_LocalPosition.z
      value: 119.7
      objectReference: {fileID: 0}
    - target: {fileID: 4897810108852956, guid: f63e650d0816544aa8b6f1d3f6913e45, type: 2}
      propertyPath: m_LocalRotation.x
      value: 0
      objectReference: {fileID: 0}
    - target: {fileID: 4897810108852956, guid: f63e650d0816544aa8b6f1d3f6913e45, type: 2}
      propertyPath: m_LocalRotation.y
      value: -0
      objectReference: {fileID: 0}
    - target: {fileID: 4897810108852956, guid: f63e650d0816544aa8b6f1d3f6913e45, type: 2}
      propertyPath: m_LocalRotation.z
      value: -0
      objectReference: {fileID: 0}
    - target: {fileID: 4897810108852956, guid: f63e650d0816544aa8b6f1d3f6913e45, type: 2}
      propertyPath: m_LocalRotation.w
      value: 1
      objectReference: {fileID: 0}
    - target: {fileID: 4897810108852956, guid: f63e650d0816544aa8b6f1d3f6913e45, type: 2}
      propertyPath: m_RootOrder
      value: 13
      objectReference: {fileID: 0}
    - target: {fileID: 1896615553607456, guid: f63e650d0816544aa8b6f1d3f6913e45, type: 2}
      propertyPath: m_Name
      value: Wand (2)
      objectReference: {fileID: 0}
    - target: {fileID: 1896615553607456, guid: f63e650d0816544aa8b6f1d3f6913e45, type: 2}
      propertyPath: m_IsActive
      value: 0
      objectReference: {fileID: 0}
    m_RemovedComponents: []
  m_ParentPrefab: {fileID: 100100000, guid: f63e650d0816544aa8b6f1d3f6913e45, type: 2}
  m_IsPrefabParent: 0
--- !u!1 &483458348
GameObject:
  m_ObjectHideFlags: 0
  m_PrefabParentObject: {fileID: 0}
  m_PrefabInternal: {fileID: 0}
  serializedVersion: 5
  m_Component:
  - component: {fileID: 483458350}
  - component: {fileID: 483458349}
  m_Layer: 0
  m_Name: Directional Light
  m_TagString: Untagged
  m_Icon: {fileID: 0}
  m_NavMeshLayer: 0
  m_StaticEditorFlags: 0
  m_IsActive: 1
--- !u!108 &483458349
Light:
  m_ObjectHideFlags: 0
  m_PrefabParentObject: {fileID: 0}
  m_PrefabInternal: {fileID: 0}
  m_GameObject: {fileID: 483458348}
  m_Enabled: 1
  serializedVersion: 8
  m_Type: 1
  m_Color: {r: 1, g: 0.95686275, b: 0.8392157, a: 1}
  m_Intensity: 1.5
  m_Range: 10
  m_SpotAngle: 30
  m_CookieSize: 10
  m_Shadows:
    m_Type: 2
    m_Resolution: -1
    m_CustomResolution: -1
    m_Strength: 1
    m_Bias: 0.05
    m_NormalBias: 0.4
    m_NearPlane: 0.2
  m_Cookie: {fileID: 0}
  m_DrawHalo: 0
  m_Flare: {fileID: 0}
  m_RenderMode: 0
  m_CullingMask:
    serializedVersion: 2
    m_Bits: 4294967295
  m_Lightmapping: 4
  m_AreaSize: {x: 1, y: 1}
  m_BounceIntensity: 1
  m_ColorTemperature: 6570
  m_UseColorTemperature: 0
  m_ShadowRadius: 0
  m_ShadowAngle: 0
--- !u!4 &483458350
Transform:
  m_ObjectHideFlags: 0
  m_PrefabParentObject: {fileID: 0}
  m_PrefabInternal: {fileID: 0}
  m_GameObject: {fileID: 483458348}
  m_LocalRotation: {x: 0.6644101, y: -0.18786502, z: 0.17802812, w: 0.7011219}
  m_LocalPosition: {x: 0, y: 91.8, z: 0}
  m_LocalScale: {x: 1, y: 1, z: 1}
  m_Children: []
  m_Father: {fileID: 0}
  m_RootOrder: 6
  m_LocalEulerAnglesHint: {x: 86.92, y: -30, z: 0}
--- !u!1001 &631577287
Prefab:
  m_ObjectHideFlags: 0
  serializedVersion: 2
  m_Modification:
    m_TransformParent: {fileID: 0}
    m_Modifications:
    - target: {fileID: 4276111303797634, guid: 2aa40f67abc7e4fd4b16b5399fa4cd94, type: 2}
      propertyPath: m_LocalPosition.x
      value: 133.49
      objectReference: {fileID: 0}
    - target: {fileID: 4276111303797634, guid: 2aa40f67abc7e4fd4b16b5399fa4cd94, type: 2}
      propertyPath: m_LocalPosition.y
      value: -21
      objectReference: {fileID: 0}
    - target: {fileID: 4276111303797634, guid: 2aa40f67abc7e4fd4b16b5399fa4cd94, type: 2}
      propertyPath: m_LocalPosition.z
      value: 108.98
      objectReference: {fileID: 0}
    - target: {fileID: 4276111303797634, guid: 2aa40f67abc7e4fd4b16b5399fa4cd94, type: 2}
      propertyPath: m_LocalRotation.x
      value: -0
      objectReference: {fileID: 0}
    - target: {fileID: 4276111303797634, guid: 2aa40f67abc7e4fd4b16b5399fa4cd94, type: 2}
      propertyPath: m_LocalRotation.y
      value: -0
      objectReference: {fileID: 0}
    - target: {fileID: 4276111303797634, guid: 2aa40f67abc7e4fd4b16b5399fa4cd94, type: 2}
      propertyPath: m_LocalRotation.z
      value: -0
      objectReference: {fileID: 0}
    - target: {fileID: 4276111303797634, guid: 2aa40f67abc7e4fd4b16b5399fa4cd94, type: 2}
      propertyPath: m_LocalRotation.w
      value: 1
      objectReference: {fileID: 0}
    - target: {fileID: 4276111303797634, guid: 2aa40f67abc7e4fd4b16b5399fa4cd94, type: 2}
      propertyPath: m_RootOrder
      value: 27
      objectReference: {fileID: 0}
    - target: {fileID: 1615546242170994, guid: 2aa40f67abc7e4fd4b16b5399fa4cd94, type: 2}
      propertyPath: m_Name
      value: Doux (8)
      objectReference: {fileID: 0}
    - target: {fileID: 1615546242170994, guid: 2aa40f67abc7e4fd4b16b5399fa4cd94, type: 2}
      propertyPath: m_IsActive
      value: 0
      objectReference: {fileID: 0}
    m_RemovedComponents: []
  m_ParentPrefab: {fileID: 100100000, guid: 2aa40f67abc7e4fd4b16b5399fa4cd94, type: 2}
  m_IsPrefabParent: 0
--- !u!1 &726942117
GameObject:
  m_ObjectHideFlags: 0
  m_PrefabParentObject: {fileID: 0}
  m_PrefabInternal: {fileID: 0}
  serializedVersion: 5
  m_Component:
  - component: {fileID: 726942120}
  - component: {fileID: 726942119}
  - component: {fileID: 726942118}
  m_Layer: 0
  m_Name: EventSystem
  m_TagString: Untagged
  m_Icon: {fileID: 0}
  m_NavMeshLayer: 0
  m_StaticEditorFlags: 0
  m_IsActive: 1
--- !u!114 &726942118
MonoBehaviour:
  m_ObjectHideFlags: 0
  m_PrefabParentObject: {fileID: 0}
  m_PrefabInternal: {fileID: 0}
  m_GameObject: {fileID: 726942117}
  m_Enabled: 1
  m_EditorHideFlags: 0
  m_Script: {fileID: 1077351063, guid: f70555f144d8491a825f0804e09c671c, type: 3}
  m_Name: 
  m_EditorClassIdentifier: 
  m_HorizontalAxis: Horizontal
  m_VerticalAxis: Vertical
  m_SubmitButton: Submit
  m_CancelButton: Cancel
  m_InputActionsPerSecond: 10
  m_RepeatDelay: 0.5
  m_ForceModuleActive: 0
--- !u!114 &726942119
MonoBehaviour:
  m_ObjectHideFlags: 0
  m_PrefabParentObject: {fileID: 0}
  m_PrefabInternal: {fileID: 0}
  m_GameObject: {fileID: 726942117}
  m_Enabled: 1
  m_EditorHideFlags: 0
  m_Script: {fileID: -619905303, guid: f70555f144d8491a825f0804e09c671c, type: 3}
  m_Name: 
  m_EditorClassIdentifier: 
  m_FirstSelected: {fileID: 0}
  m_sendNavigationEvents: 1
  m_DragThreshold: 5
--- !u!4 &726942120
Transform:
  m_ObjectHideFlags: 0
  m_PrefabParentObject: {fileID: 0}
  m_PrefabInternal: {fileID: 0}
  m_GameObject: {fileID: 726942117}
  m_LocalRotation: {x: 0, y: 0, z: 0, w: 1}
  m_LocalPosition: {x: 0, y: 0, z: 0}
  m_LocalScale: {x: 1, y: 1, z: 1}
  m_Children: []
  m_Father: {fileID: 0}
  m_RootOrder: 8
  m_LocalEulerAnglesHint: {x: 0, y: 0, z: 0}
--- !u!1001 &786294730
Prefab:
  m_ObjectHideFlags: 0
  serializedVersion: 2
  m_Modification:
    m_TransformParent: {fileID: 0}
    m_Modifications:
    - target: {fileID: 4569696640218478, guid: 9c0d35ab4135c4aa4965980238864ca5, type: 2}
      propertyPath: m_LocalPosition.x
      value: 131.10646
      objectReference: {fileID: 0}
    - target: {fileID: 4569696640218478, guid: 9c0d35ab4135c4aa4965980238864ca5, type: 2}
      propertyPath: m_LocalPosition.y
      value: -18.882912
      objectReference: {fileID: 0}
    - target: {fileID: 4569696640218478, guid: 9c0d35ab4135c4aa4965980238864ca5, type: 2}
      propertyPath: m_LocalPosition.z
      value: 115.54318
      objectReference: {fileID: 0}
    - target: {fileID: 4569696640218478, guid: 9c0d35ab4135c4aa4965980238864ca5, type: 2}
      propertyPath: m_LocalRotation.x
      value: 0
      objectReference: {fileID: 0}
    - target: {fileID: 4569696640218478, guid: 9c0d35ab4135c4aa4965980238864ca5, type: 2}
      propertyPath: m_LocalRotation.y
      value: 0
      objectReference: {fileID: 0}
    - target: {fileID: 4569696640218478, guid: 9c0d35ab4135c4aa4965980238864ca5, type: 2}
      propertyPath: m_LocalRotation.z
      value: 0
      objectReference: {fileID: 0}
    - target: {fileID: 4569696640218478, guid: 9c0d35ab4135c4aa4965980238864ca5, type: 2}
      propertyPath: m_LocalRotation.w
      value: 1
      objectReference: {fileID: 0}
    - target: {fileID: 4569696640218478, guid: 9c0d35ab4135c4aa4965980238864ca5, type: 2}
      propertyPath: m_RootOrder
      value: 28
      objectReference: {fileID: 0}
    - target: {fileID: 1746475319031524, guid: 9c0d35ab4135c4aa4965980238864ca5, type: 2}
      propertyPath: m_IsActive
      value: 0
      objectReference: {fileID: 0}
    - target: {fileID: 1746475319031524, guid: 9c0d35ab4135c4aa4965980238864ca5, type: 2}
      propertyPath: m_Name
      value: Lambent_Male (1)
      objectReference: {fileID: 0}
    m_RemovedComponents: []
  m_ParentPrefab: {fileID: 100100000, guid: 9c0d35ab4135c4aa4965980238864ca5, type: 2}
  m_IsPrefabParent: 0
--- !u!1001 &838238564
Prefab:
  m_ObjectHideFlags: 0
  serializedVersion: 2
  m_Modification:
    m_TransformParent: {fileID: 0}
    m_Modifications:
    - target: {fileID: 4897810108852956, guid: f63e650d0816544aa8b6f1d3f6913e45, type: 2}
      propertyPath: m_LocalPosition.x
      value: 130.78
      objectReference: {fileID: 0}
    - target: {fileID: 4897810108852956, guid: f63e650d0816544aa8b6f1d3f6913e45, type: 2}
      propertyPath: m_LocalPosition.y
      value: -21
      objectReference: {fileID: 0}
    - target: {fileID: 4897810108852956, guid: f63e650d0816544aa8b6f1d3f6913e45, type: 2}
      propertyPath: m_LocalPosition.z
      value: 119.47
      objectReference: {fileID: 0}
    - target: {fileID: 4897810108852956, guid: f63e650d0816544aa8b6f1d3f6913e45, type: 2}
      propertyPath: m_LocalRotation.x
      value: 0
      objectReference: {fileID: 0}
    - target: {fileID: 4897810108852956, guid: f63e650d0816544aa8b6f1d3f6913e45, type: 2}
      propertyPath: m_LocalRotation.y
      value: -0
      objectReference: {fileID: 0}
    - target: {fileID: 4897810108852956, guid: f63e650d0816544aa8b6f1d3f6913e45, type: 2}
      propertyPath: m_LocalRotation.z
      value: -0
      objectReference: {fileID: 0}
    - target: {fileID: 4897810108852956, guid: f63e650d0816544aa8b6f1d3f6913e45, type: 2}
      propertyPath: m_LocalRotation.w
      value: 1
      objectReference: {fileID: 0}
    - target: {fileID: 4897810108852956, guid: f63e650d0816544aa8b6f1d3f6913e45, type: 2}
      propertyPath: m_RootOrder
      value: 17
      objectReference: {fileID: 0}
    - target: {fileID: 1896615553607456, guid: f63e650d0816544aa8b6f1d3f6913e45, type: 2}
      propertyPath: m_Name
      value: Wand (6)
      objectReference: {fileID: 0}
    - target: {fileID: 1896615553607456, guid: f63e650d0816544aa8b6f1d3f6913e45, type: 2}
      propertyPath: m_IsActive
      value: 0
      objectReference: {fileID: 0}
    m_RemovedComponents: []
  m_ParentPrefab: {fileID: 100100000, guid: f63e650d0816544aa8b6f1d3f6913e45, type: 2}
  m_IsPrefabParent: 0
--- !u!1001 &842465204
Prefab:
  m_ObjectHideFlags: 0
  serializedVersion: 2
  m_Modification:
    m_TransformParent: {fileID: 0}
    m_Modifications:
    - target: {fileID: 4276111303797634, guid: 2aa40f67abc7e4fd4b16b5399fa4cd94, type: 2}
      propertyPath: m_LocalPosition.x
      value: 131.11
      objectReference: {fileID: 0}
    - target: {fileID: 4276111303797634, guid: 2aa40f67abc7e4fd4b16b5399fa4cd94, type: 2}
      propertyPath: m_LocalPosition.y
      value: -21
      objectReference: {fileID: 0}
    - target: {fileID: 4276111303797634, guid: 2aa40f67abc7e4fd4b16b5399fa4cd94, type: 2}
      propertyPath: m_LocalPosition.z
      value: 108.98
      objectReference: {fileID: 0}
    - target: {fileID: 4276111303797634, guid: 2aa40f67abc7e4fd4b16b5399fa4cd94, type: 2}
      propertyPath: m_LocalRotation.x
      value: -0
      objectReference: {fileID: 0}
    - target: {fileID: 4276111303797634, guid: 2aa40f67abc7e4fd4b16b5399fa4cd94, type: 2}
      propertyPath: m_LocalRotation.y
      value: -0
      objectReference: {fileID: 0}
    - target: {fileID: 4276111303797634, guid: 2aa40f67abc7e4fd4b16b5399fa4cd94, type: 2}
      propertyPath: m_LocalRotation.z
      value: -0
      objectReference: {fileID: 0}
    - target: {fileID: 4276111303797634, guid: 2aa40f67abc7e4fd4b16b5399fa4cd94, type: 2}
      propertyPath: m_LocalRotation.w
      value: 1
      objectReference: {fileID: 0}
    - target: {fileID: 4276111303797634, guid: 2aa40f67abc7e4fd4b16b5399fa4cd94, type: 2}
      propertyPath: m_RootOrder
      value: 24
      objectReference: {fileID: 0}
    - target: {fileID: 1615546242170994, guid: 2aa40f67abc7e4fd4b16b5399fa4cd94, type: 2}
      propertyPath: m_Name
      value: Doux (5)
      objectReference: {fileID: 0}
    - target: {fileID: 1615546242170994, guid: 2aa40f67abc7e4fd4b16b5399fa4cd94, type: 2}
      propertyPath: m_IsActive
      value: 0
      objectReference: {fileID: 0}
    m_RemovedComponents: []
  m_ParentPrefab: {fileID: 100100000, guid: 2aa40f67abc7e4fd4b16b5399fa4cd94, type: 2}
  m_IsPrefabParent: 0
--- !u!1001 &996196566
Prefab:
  m_ObjectHideFlags: 0
  serializedVersion: 2
  m_Modification:
    m_TransformParent: {fileID: 0}
    m_Modifications:
    - target: {fileID: 4276111303797634, guid: 2aa40f67abc7e4fd4b16b5399fa4cd94, type: 2}
      propertyPath: m_LocalPosition.x
      value: 129.75
      objectReference: {fileID: 0}
    - target: {fileID: 4276111303797634, guid: 2aa40f67abc7e4fd4b16b5399fa4cd94, type: 2}
      propertyPath: m_LocalPosition.y
      value: -21
      objectReference: {fileID: 0}
    - target: {fileID: 4276111303797634, guid: 2aa40f67abc7e4fd4b16b5399fa4cd94, type: 2}
      propertyPath: m_LocalPosition.z
      value: 108.98
      objectReference: {fileID: 0}
    - target: {fileID: 4276111303797634, guid: 2aa40f67abc7e4fd4b16b5399fa4cd94, type: 2}
      propertyPath: m_LocalRotation.x
      value: -0
      objectReference: {fileID: 0}
    - target: {fileID: 4276111303797634, guid: 2aa40f67abc7e4fd4b16b5399fa4cd94, type: 2}
      propertyPath: m_LocalRotation.y
      value: -0
      objectReference: {fileID: 0}
    - target: {fileID: 4276111303797634, guid: 2aa40f67abc7e4fd4b16b5399fa4cd94, type: 2}
      propertyPath: m_LocalRotation.z
      value: -0
      objectReference: {fileID: 0}
    - target: {fileID: 4276111303797634, guid: 2aa40f67abc7e4fd4b16b5399fa4cd94, type: 2}
      propertyPath: m_LocalRotation.w
      value: 1
      objectReference: {fileID: 0}
    - target: {fileID: 4276111303797634, guid: 2aa40f67abc7e4fd4b16b5399fa4cd94, type: 2}
      propertyPath: m_RootOrder
      value: 22
      objectReference: {fileID: 0}
    - target: {fileID: 1615546242170994, guid: 2aa40f67abc7e4fd4b16b5399fa4cd94, type: 2}
      propertyPath: m_Name
      value: Doux (3)
      objectReference: {fileID: 0}
    - target: {fileID: 1615546242170994, guid: 2aa40f67abc7e4fd4b16b5399fa4cd94, type: 2}
      propertyPath: m_IsActive
      value: 0
      objectReference: {fileID: 0}
    m_RemovedComponents: []
  m_ParentPrefab: {fileID: 100100000, guid: 2aa40f67abc7e4fd4b16b5399fa4cd94, type: 2}
  m_IsPrefabParent: 0
--- !u!1001 &1014434667
Prefab:
  m_ObjectHideFlags: 0
  serializedVersion: 2
  m_Modification:
    m_TransformParent: {fileID: 0}
    m_Modifications:
    - target: {fileID: 4276111303797634, guid: 2aa40f67abc7e4fd4b16b5399fa4cd94, type: 2}
      propertyPath: m_LocalPosition.x
      value: 132.5
      objectReference: {fileID: 0}
    - target: {fileID: 4276111303797634, guid: 2aa40f67abc7e4fd4b16b5399fa4cd94, type: 2}
      propertyPath: m_LocalPosition.y
      value: -21
      objectReference: {fileID: 0}
    - target: {fileID: 4276111303797634, guid: 2aa40f67abc7e4fd4b16b5399fa4cd94, type: 2}
      propertyPath: m_LocalPosition.z
      value: 108.98
      objectReference: {fileID: 0}
    - target: {fileID: 4276111303797634, guid: 2aa40f67abc7e4fd4b16b5399fa4cd94, type: 2}
      propertyPath: m_LocalRotation.x
      value: -0
      objectReference: {fileID: 0}
    - target: {fileID: 4276111303797634, guid: 2aa40f67abc7e4fd4b16b5399fa4cd94, type: 2}
      propertyPath: m_LocalRotation.y
      value: -0
      objectReference: {fileID: 0}
    - target: {fileID: 4276111303797634, guid: 2aa40f67abc7e4fd4b16b5399fa4cd94, type: 2}
      propertyPath: m_LocalRotation.z
      value: -0
      objectReference: {fileID: 0}
    - target: {fileID: 4276111303797634, guid: 2aa40f67abc7e4fd4b16b5399fa4cd94, type: 2}
      propertyPath: m_LocalRotation.w
      value: 1
      objectReference: {fileID: 0}
    - target: {fileID: 4276111303797634, guid: 2aa40f67abc7e4fd4b16b5399fa4cd94, type: 2}
      propertyPath: m_RootOrder
      value: 26
      objectReference: {fileID: 0}
    - target: {fileID: 1615546242170994, guid: 2aa40f67abc7e4fd4b16b5399fa4cd94, type: 2}
      propertyPath: m_Name
      value: Doux (7)
      objectReference: {fileID: 0}
    - target: {fileID: 1615546242170994, guid: 2aa40f67abc7e4fd4b16b5399fa4cd94, type: 2}
      propertyPath: m_IsActive
      value: 0
      objectReference: {fileID: 0}
    m_RemovedComponents: []
  m_ParentPrefab: {fileID: 100100000, guid: 2aa40f67abc7e4fd4b16b5399fa4cd94, type: 2}
  m_IsPrefabParent: 0
--- !u!1001 &1027929653
Prefab:
  m_ObjectHideFlags: 0
  serializedVersion: 2
  m_Modification:
    m_TransformParent: {fileID: 0}
    m_Modifications:
    - target: {fileID: 4569696640218478, guid: 9c0d35ab4135c4aa4965980238864ca5, type: 2}
      propertyPath: m_LocalPosition.x
      value: 131.10646
      objectReference: {fileID: 0}
    - target: {fileID: 4569696640218478, guid: 9c0d35ab4135c4aa4965980238864ca5, type: 2}
      propertyPath: m_LocalPosition.y
      value: -18.882912
      objectReference: {fileID: 0}
    - target: {fileID: 4569696640218478, guid: 9c0d35ab4135c4aa4965980238864ca5, type: 2}
      propertyPath: m_LocalPosition.z
      value: 115.54318
      objectReference: {fileID: 0}
    - target: {fileID: 4569696640218478, guid: 9c0d35ab4135c4aa4965980238864ca5, type: 2}
      propertyPath: m_LocalRotation.x
      value: 0
      objectReference: {fileID: 0}
    - target: {fileID: 4569696640218478, guid: 9c0d35ab4135c4aa4965980238864ca5, type: 2}
      propertyPath: m_LocalRotation.y
      value: 0
      objectReference: {fileID: 0}
    - target: {fileID: 4569696640218478, guid: 9c0d35ab4135c4aa4965980238864ca5, type: 2}
      propertyPath: m_LocalRotation.z
      value: 0
      objectReference: {fileID: 0}
    - target: {fileID: 4569696640218478, guid: 9c0d35ab4135c4aa4965980238864ca5, type: 2}
      propertyPath: m_LocalRotation.w
      value: 1
      objectReference: {fileID: 0}
    - target: {fileID: 4569696640218478, guid: 9c0d35ab4135c4aa4965980238864ca5, type: 2}
      propertyPath: m_RootOrder
      value: 3
      objectReference: {fileID: 0}
    - target: {fileID: 1746475319031524, guid: 9c0d35ab4135c4aa4965980238864ca5, type: 2}
      propertyPath: m_IsActive
      value: 0
      objectReference: {fileID: 0}
    m_RemovedComponents: []
  m_ParentPrefab: {fileID: 100100000, guid: 9c0d35ab4135c4aa4965980238864ca5, type: 2}
  m_IsPrefabParent: 0
--- !u!1001 &1070114839
Prefab:
  m_ObjectHideFlags: 0
  serializedVersion: 2
  m_Modification:
    m_TransformParent: {fileID: 0}
    m_Modifications:
    - target: {fileID: 4276111303797634, guid: 2aa40f67abc7e4fd4b16b5399fa4cd94, type: 2}
      propertyPath: m_LocalPosition.x
      value: 130.44
      objectReference: {fileID: 0}
    - target: {fileID: 4276111303797634, guid: 2aa40f67abc7e4fd4b16b5399fa4cd94, type: 2}
      propertyPath: m_LocalPosition.y
      value: -21
      objectReference: {fileID: 0}
    - target: {fileID: 4276111303797634, guid: 2aa40f67abc7e4fd4b16b5399fa4cd94, type: 2}
      propertyPath: m_LocalPosition.z
      value: 108.98
      objectReference: {fileID: 0}
    - target: {fileID: 4276111303797634, guid: 2aa40f67abc7e4fd4b16b5399fa4cd94, type: 2}
      propertyPath: m_LocalRotation.x
      value: -0
      objectReference: {fileID: 0}
    - target: {fileID: 4276111303797634, guid: 2aa40f67abc7e4fd4b16b5399fa4cd94, type: 2}
      propertyPath: m_LocalRotation.y
      value: -0
      objectReference: {fileID: 0}
    - target: {fileID: 4276111303797634, guid: 2aa40f67abc7e4fd4b16b5399fa4cd94, type: 2}
      propertyPath: m_LocalRotation.z
      value: -0
      objectReference: {fileID: 0}
    - target: {fileID: 4276111303797634, guid: 2aa40f67abc7e4fd4b16b5399fa4cd94, type: 2}
      propertyPath: m_LocalRotation.w
      value: 1
      objectReference: {fileID: 0}
    - target: {fileID: 4276111303797634, guid: 2aa40f67abc7e4fd4b16b5399fa4cd94, type: 2}
      propertyPath: m_RootOrder
      value: 23
      objectReference: {fileID: 0}
    - target: {fileID: 1615546242170994, guid: 2aa40f67abc7e4fd4b16b5399fa4cd94, type: 2}
      propertyPath: m_Name
      value: Doux (4)
      objectReference: {fileID: 0}
    - target: {fileID: 1615546242170994, guid: 2aa40f67abc7e4fd4b16b5399fa4cd94, type: 2}
      propertyPath: m_IsActive
      value: 0
      objectReference: {fileID: 0}
    m_RemovedComponents: []
  m_ParentPrefab: {fileID: 100100000, guid: 2aa40f67abc7e4fd4b16b5399fa4cd94, type: 2}
  m_IsPrefabParent: 0
--- !u!1001 &1142500202
Prefab:
  m_ObjectHideFlags: 0
  serializedVersion: 2
  m_Modification:
    m_TransformParent: {fileID: 0}
    m_Modifications:
    - target: {fileID: 4897810108852956, guid: f63e650d0816544aa8b6f1d3f6913e45, type: 2}
      propertyPath: m_LocalPosition.x
      value: 130.78
      objectReference: {fileID: 0}
    - target: {fileID: 4897810108852956, guid: f63e650d0816544aa8b6f1d3f6913e45, type: 2}
      propertyPath: m_LocalPosition.y
      value: -21
      objectReference: {fileID: 0}
    - target: {fileID: 4897810108852956, guid: f63e650d0816544aa8b6f1d3f6913e45, type: 2}
      propertyPath: m_LocalPosition.z
      value: 119.47
      objectReference: {fileID: 0}
    - target: {fileID: 4897810108852956, guid: f63e650d0816544aa8b6f1d3f6913e45, type: 2}
      propertyPath: m_LocalRotation.x
      value: 0
      objectReference: {fileID: 0}
    - target: {fileID: 4897810108852956, guid: f63e650d0816544aa8b6f1d3f6913e45, type: 2}
      propertyPath: m_LocalRotation.y
      value: -0
      objectReference: {fileID: 0}
    - target: {fileID: 4897810108852956, guid: f63e650d0816544aa8b6f1d3f6913e45, type: 2}
      propertyPath: m_LocalRotation.z
      value: -0
      objectReference: {fileID: 0}
    - target: {fileID: 4897810108852956, guid: f63e650d0816544aa8b6f1d3f6913e45, type: 2}
      propertyPath: m_LocalRotation.w
      value: 1
      objectReference: {fileID: 0}
    - target: {fileID: 4897810108852956, guid: f63e650d0816544aa8b6f1d3f6913e45, type: 2}
      propertyPath: m_RootOrder
      value: 19
      objectReference: {fileID: 0}
    - target: {fileID: 1896615553607456, guid: f63e650d0816544aa8b6f1d3f6913e45, type: 2}
      propertyPath: m_Name
      value: Wand (8)
      objectReference: {fileID: 0}
    - target: {fileID: 1896615553607456, guid: f63e650d0816544aa8b6f1d3f6913e45, type: 2}
      propertyPath: m_IsActive
      value: 0
      objectReference: {fileID: 0}
    m_RemovedComponents: []
  m_ParentPrefab: {fileID: 100100000, guid: f63e650d0816544aa8b6f1d3f6913e45, type: 2}
  m_IsPrefabParent: 0
--- !u!1001 &1167401814
Prefab:
  m_ObjectHideFlags: 0
  serializedVersion: 2
  m_Modification:
    m_TransformParent: {fileID: 0}
    m_Modifications:
    - target: {fileID: 4897810108852956, guid: f63e650d0816544aa8b6f1d3f6913e45, type: 2}
      propertyPath: m_LocalPosition.x
      value: 129.02
      objectReference: {fileID: 0}
    - target: {fileID: 4897810108852956, guid: f63e650d0816544aa8b6f1d3f6913e45, type: 2}
      propertyPath: m_LocalPosition.y
      value: -21
      objectReference: {fileID: 0}
    - target: {fileID: 4897810108852956, guid: f63e650d0816544aa8b6f1d3f6913e45, type: 2}
      propertyPath: m_LocalPosition.z
      value: 118.51
      objectReference: {fileID: 0}
    - target: {fileID: 4897810108852956, guid: f63e650d0816544aa8b6f1d3f6913e45, type: 2}
      propertyPath: m_LocalRotation.x
      value: 0
      objectReference: {fileID: 0}
    - target: {fileID: 4897810108852956, guid: f63e650d0816544aa8b6f1d3f6913e45, type: 2}
      propertyPath: m_LocalRotation.y
      value: -0
      objectReference: {fileID: 0}
    - target: {fileID: 4897810108852956, guid: f63e650d0816544aa8b6f1d3f6913e45, type: 2}
      propertyPath: m_LocalRotation.z
      value: -0
      objectReference: {fileID: 0}
    - target: {fileID: 4897810108852956, guid: f63e650d0816544aa8b6f1d3f6913e45, type: 2}
      propertyPath: m_LocalRotation.w
      value: 1
      objectReference: {fileID: 0}
    - target: {fileID: 4897810108852956, guid: f63e650d0816544aa8b6f1d3f6913e45, type: 2}
      propertyPath: m_RootOrder
      value: 15
      objectReference: {fileID: 0}
    - target: {fileID: 1896615553607456, guid: f63e650d0816544aa8b6f1d3f6913e45, type: 2}
      propertyPath: m_Name
      value: Wand (4)
      objectReference: {fileID: 0}
    - target: {fileID: 1896615553607456, guid: f63e650d0816544aa8b6f1d3f6913e45, type: 2}
      propertyPath: m_IsActive
      value: 0
      objectReference: {fileID: 0}
    m_RemovedComponents: []
  m_ParentPrefab: {fileID: 100100000, guid: f63e650d0816544aa8b6f1d3f6913e45, type: 2}
  m_IsPrefabParent: 0
--- !u!1 &1204029445
GameObject:
  m_ObjectHideFlags: 0
  m_PrefabParentObject: {fileID: 0}
  m_PrefabInternal: {fileID: 0}
  serializedVersion: 5
  m_Component:
  - component: {fileID: 1204029449}
  - component: {fileID: 1204029448}
  - component: {fileID: 1204029447}
  - component: {fileID: 1204029446}
  - component: {fileID: 1204029450}
  m_Layer: 0
  m_Name: Main Camera
  m_TagString: MainCamera
  m_Icon: {fileID: 0}
  m_NavMeshLayer: 0
  m_StaticEditorFlags: 0
  m_IsActive: 1
--- !u!81 &1204029446
AudioListener:
  m_ObjectHideFlags: 0
  m_PrefabParentObject: {fileID: 0}
  m_PrefabInternal: {fileID: 0}
  m_GameObject: {fileID: 1204029445}
  m_Enabled: 1
--- !u!124 &1204029447
Behaviour:
  m_ObjectHideFlags: 0
  m_PrefabParentObject: {fileID: 0}
  m_PrefabInternal: {fileID: 0}
  m_GameObject: {fileID: 1204029445}
  m_Enabled: 1
--- !u!20 &1204029448
Camera:
  m_ObjectHideFlags: 0
  m_PrefabParentObject: {fileID: 0}
  m_PrefabInternal: {fileID: 0}
  m_GameObject: {fileID: 1204029445}
  m_Enabled: 1
  serializedVersion: 2
  m_ClearFlags: 1
  m_BackGroundColor: {r: 0.19215687, g: 0.3019608, b: 0.4745098, a: 0}
  m_NormalizedViewPortRect:
    serializedVersion: 2
    x: 0
    y: 0
    width: 1
    height: 1
  near clip plane: 0.3
  far clip plane: 1000
  field of view: 60
  orthographic: 0
  orthographic size: 5
  m_Depth: -1
  m_CullingMask:
    serializedVersion: 2
    m_Bits: 4294967295
  m_RenderingPath: -1
  m_TargetTexture: {fileID: 0}
  m_TargetDisplay: 0
  m_TargetEye: 3
  m_HDR: 1
  m_AllowMSAA: 1
  m_AllowDynamicResolution: 0
  m_ForceIntoRT: 0
  m_OcclusionCulling: 1
  m_StereoConvergence: 10
  m_StereoSeparation: 0.022
--- !u!4 &1204029449
Transform:
  m_ObjectHideFlags: 0
  m_PrefabParentObject: {fileID: 0}
  m_PrefabInternal: {fileID: 0}
  m_GameObject: {fileID: 1204029445}
  m_LocalRotation: {x: 0.3957057, y: 0, z: 0, w: 0.9183774}
  m_LocalPosition: {x: 119.7, y: 8.08, z: 114.5}
  m_LocalScale: {x: 1, y: 1, z: 1}
  m_Children: []
  m_Father: {fileID: 0}
  m_RootOrder: 0
  m_LocalEulerAnglesHint: {x: 46.62, y: 0, z: 0}
--- !u!114 &1204029450
MonoBehaviour:
  m_ObjectHideFlags: 0
  m_PrefabParentObject: {fileID: 0}
  m_PrefabInternal: {fileID: 0}
  m_GameObject: {fileID: 1204029445}
  m_Enabled: 1
  m_EditorHideFlags: 0
  m_Script: {fileID: 11500000, guid: 7e53ba5f87bd344b9a55c5f4290201d4, type: 3}
  m_Name: 
  m_EditorClassIdentifier: 
  player: {fileID: 0}
  height: 6
  decal: 3
--- !u!1001 &1213862732
Prefab:
  m_ObjectHideFlags: 0
  serializedVersion: 2
  m_Modification:
    m_TransformParent: {fileID: 0}
    m_Modifications:
    - target: {fileID: 4897810108852956, guid: f63e650d0816544aa8b6f1d3f6913e45, type: 2}
      propertyPath: m_LocalPosition.x
      value: 129.02
      objectReference: {fileID: 0}
    - target: {fileID: 4897810108852956, guid: f63e650d0816544aa8b6f1d3f6913e45, type: 2}
      propertyPath: m_LocalPosition.y
      value: -21
      objectReference: {fileID: 0}
    - target: {fileID: 4897810108852956, guid: f63e650d0816544aa8b6f1d3f6913e45, type: 2}
      propertyPath: m_LocalPosition.z
      value: 117.07
      objectReference: {fileID: 0}
    - target: {fileID: 4897810108852956, guid: f63e650d0816544aa8b6f1d3f6913e45, type: 2}
      propertyPath: m_LocalRotation.x
      value: 0
      objectReference: {fileID: 0}
    - target: {fileID: 4897810108852956, guid: f63e650d0816544aa8b6f1d3f6913e45, type: 2}
      propertyPath: m_LocalRotation.y
      value: -0
      objectReference: {fileID: 0}
    - target: {fileID: 4897810108852956, guid: f63e650d0816544aa8b6f1d3f6913e45, type: 2}
      propertyPath: m_LocalRotation.z
      value: -0
      objectReference: {fileID: 0}
    - target: {fileID: 4897810108852956, guid: f63e650d0816544aa8b6f1d3f6913e45, type: 2}
      propertyPath: m_LocalRotation.w
      value: 1
      objectReference: {fileID: 0}
    - target: {fileID: 4897810108852956, guid: f63e650d0816544aa8b6f1d3f6913e45, type: 2}
      propertyPath: m_RootOrder
      value: 16
      objectReference: {fileID: 0}
    - target: {fileID: 1896615553607456, guid: f63e650d0816544aa8b6f1d3f6913e45, type: 2}
      propertyPath: m_Name
      value: Wand (5)
      objectReference: {fileID: 0}
    - target: {fileID: 1896615553607456, guid: f63e650d0816544aa8b6f1d3f6913e45, type: 2}
      propertyPath: m_IsActive
      value: 0
      objectReference: {fileID: 0}
    m_RemovedComponents: []
  m_ParentPrefab: {fileID: 100100000, guid: f63e650d0816544aa8b6f1d3f6913e45, type: 2}
  m_IsPrefabParent: 0
--- !u!1001 &1580802483
Prefab:
  m_ObjectHideFlags: 0
  serializedVersion: 2
  m_Modification:
    m_TransformParent: {fileID: 0}
    m_Modifications:
    - target: {fileID: 224021319688978050, guid: c6ffb97fb1d9e459e9b85c8563381bd7,
        type: 2}
      propertyPath: m_LocalPosition.x
      value: 0
      objectReference: {fileID: 0}
    - target: {fileID: 224021319688978050, guid: c6ffb97fb1d9e459e9b85c8563381bd7,
        type: 2}
      propertyPath: m_LocalPosition.y
      value: 0
      objectReference: {fileID: 0}
    - target: {fileID: 224021319688978050, guid: c6ffb97fb1d9e459e9b85c8563381bd7,
        type: 2}
      propertyPath: m_LocalPosition.z
      value: 0
      objectReference: {fileID: 0}
    - target: {fileID: 224021319688978050, guid: c6ffb97fb1d9e459e9b85c8563381bd7,
        type: 2}
      propertyPath: m_LocalRotation.x
      value: 0
      objectReference: {fileID: 0}
    - target: {fileID: 224021319688978050, guid: c6ffb97fb1d9e459e9b85c8563381bd7,
        type: 2}
      propertyPath: m_LocalRotation.y
      value: 0
      objectReference: {fileID: 0}
    - target: {fileID: 224021319688978050, guid: c6ffb97fb1d9e459e9b85c8563381bd7,
        type: 2}
      propertyPath: m_LocalRotation.z
      value: 0
      objectReference: {fileID: 0}
    - target: {fileID: 224021319688978050, guid: c6ffb97fb1d9e459e9b85c8563381bd7,
        type: 2}
      propertyPath: m_LocalRotation.w
      value: 1
      objectReference: {fileID: 0}
    - target: {fileID: 224021319688978050, guid: c6ffb97fb1d9e459e9b85c8563381bd7,
        type: 2}
      propertyPath: m_RootOrder
      value: 5
      objectReference: {fileID: 0}
    - target: {fileID: 224021319688978050, guid: c6ffb97fb1d9e459e9b85c8563381bd7,
        type: 2}
      propertyPath: m_AnchoredPosition.x
      value: 0
      objectReference: {fileID: 0}
    - target: {fileID: 224021319688978050, guid: c6ffb97fb1d9e459e9b85c8563381bd7,
        type: 2}
      propertyPath: m_AnchoredPosition.y
      value: 0
      objectReference: {fileID: 0}
    - target: {fileID: 224021319688978050, guid: c6ffb97fb1d9e459e9b85c8563381bd7,
        type: 2}
      propertyPath: m_SizeDelta.x
      value: 0
      objectReference: {fileID: 0}
    - target: {fileID: 224021319688978050, guid: c6ffb97fb1d9e459e9b85c8563381bd7,
        type: 2}
      propertyPath: m_SizeDelta.y
      value: 0
      objectReference: {fileID: 0}
    - target: {fileID: 224021319688978050, guid: c6ffb97fb1d9e459e9b85c8563381bd7,
        type: 2}
      propertyPath: m_AnchorMin.x
      value: 0
      objectReference: {fileID: 0}
    - target: {fileID: 224021319688978050, guid: c6ffb97fb1d9e459e9b85c8563381bd7,
        type: 2}
      propertyPath: m_AnchorMin.y
      value: 0
      objectReference: {fileID: 0}
    - target: {fileID: 224021319688978050, guid: c6ffb97fb1d9e459e9b85c8563381bd7,
        type: 2}
      propertyPath: m_AnchorMax.x
      value: 0
      objectReference: {fileID: 0}
    - target: {fileID: 224021319688978050, guid: c6ffb97fb1d9e459e9b85c8563381bd7,
        type: 2}
      propertyPath: m_AnchorMax.y
      value: 0
      objectReference: {fileID: 0}
    - target: {fileID: 224021319688978050, guid: c6ffb97fb1d9e459e9b85c8563381bd7,
        type: 2}
      propertyPath: m_Pivot.x
      value: 0
      objectReference: {fileID: 0}
    - target: {fileID: 224021319688978050, guid: c6ffb97fb1d9e459e9b85c8563381bd7,
        type: 2}
      propertyPath: m_Pivot.y
      value: 0
      objectReference: {fileID: 0}
    - target: {fileID: 114378793706380350, guid: c6ffb97fb1d9e459e9b85c8563381bd7,
        type: 2}
      propertyPath: m_OnClick.m_PersistentCalls.m_Calls.Array.data[0].m_Target
      value: 
      objectReference: {fileID: 0}
    - target: {fileID: 224282113880808394, guid: c6ffb97fb1d9e459e9b85c8563381bd7,
        type: 2}
      propertyPath: m_AnchorMax.x
      value: 1
      objectReference: {fileID: 0}
    - target: {fileID: 224282113880808394, guid: c6ffb97fb1d9e459e9b85c8563381bd7,
        type: 2}
      propertyPath: m_AnchorMax.y
      value: 1
      objectReference: {fileID: 0}
    - target: {fileID: 224162351369779148, guid: c6ffb97fb1d9e459e9b85c8563381bd7,
        type: 2}
      propertyPath: m_AnchorMax.x
      value: 1
      objectReference: {fileID: 0}
    - target: {fileID: 224162351369779148, guid: c6ffb97fb1d9e459e9b85c8563381bd7,
        type: 2}
      propertyPath: m_AnchorMax.y
      value: 1
      objectReference: {fileID: 0}
    - target: {fileID: 224683903470566058, guid: c6ffb97fb1d9e459e9b85c8563381bd7,
        type: 2}
      propertyPath: m_AnchorMax.x
      value: 1
      objectReference: {fileID: 0}
    - target: {fileID: 224683903470566058, guid: c6ffb97fb1d9e459e9b85c8563381bd7,
        type: 2}
      propertyPath: m_AnchorMax.y
      value: 1
      objectReference: {fileID: 0}
    - target: {fileID: 1282391001014800, guid: c6ffb97fb1d9e459e9b85c8563381bd7, type: 2}
      propertyPath: m_IsActive
      value: 0
      objectReference: {fileID: 0}
    - target: {fileID: 1842949462444146, guid: c6ffb97fb1d9e459e9b85c8563381bd7, type: 2}
      propertyPath: m_IsActive
      value: 0
      objectReference: {fileID: 0}
    - target: {fileID: 224168433101592198, guid: c6ffb97fb1d9e459e9b85c8563381bd7,
        type: 2}
      propertyPath: m_AnchorMin.x
      value: 1
      objectReference: {fileID: 0}
    - target: {fileID: 224168433101592198, guid: c6ffb97fb1d9e459e9b85c8563381bd7,
        type: 2}
      propertyPath: m_AnchorMax.x
      value: 1
      objectReference: {fileID: 0}
    - target: {fileID: 224168433101592198, guid: c6ffb97fb1d9e459e9b85c8563381bd7,
        type: 2}
      propertyPath: m_AnchorMax.y
      value: 1
      objectReference: {fileID: 0}
    - target: {fileID: 224218047227282106, guid: c6ffb97fb1d9e459e9b85c8563381bd7,
        type: 2}
      propertyPath: m_AnchorMin.x
      value: 1
      objectReference: {fileID: 0}
    - target: {fileID: 224218047227282106, guid: c6ffb97fb1d9e459e9b85c8563381bd7,
        type: 2}
      propertyPath: m_AnchorMax.x
      value: 1
      objectReference: {fileID: 0}
    - target: {fileID: 224218047227282106, guid: c6ffb97fb1d9e459e9b85c8563381bd7,
        type: 2}
      propertyPath: m_AnchorMax.y
      value: 1
      objectReference: {fileID: 0}
    - target: {fileID: 224525080004197062, guid: c6ffb97fb1d9e459e9b85c8563381bd7,
        type: 2}
      propertyPath: m_AnchorMin.x
      value: 1
      objectReference: {fileID: 0}
    - target: {fileID: 224525080004197062, guid: c6ffb97fb1d9e459e9b85c8563381bd7,
        type: 2}
      propertyPath: m_AnchorMax.x
      value: 1
      objectReference: {fileID: 0}
    - target: {fileID: 224525080004197062, guid: c6ffb97fb1d9e459e9b85c8563381bd7,
        type: 2}
      propertyPath: m_AnchorMax.y
      value: 1
      objectReference: {fileID: 0}
    m_RemovedComponents: []
  m_ParentPrefab: {fileID: 100100000, guid: c6ffb97fb1d9e459e9b85c8563381bd7, type: 2}
  m_IsPrefabParent: 0
--- !u!1001 &1668497699
Prefab:
  m_ObjectHideFlags: 0
  serializedVersion: 2
  m_Modification:
    m_TransformParent: {fileID: 0}
    m_Modifications:
    - target: {fileID: 4897810108852956, guid: f63e650d0816544aa8b6f1d3f6913e45, type: 2}
      propertyPath: m_LocalPosition.x
      value: 126.699646
      objectReference: {fileID: 0}
    - target: {fileID: 4897810108852956, guid: f63e650d0816544aa8b6f1d3f6913e45, type: 2}
      propertyPath: m_LocalPosition.y
      value: -21
      objectReference: {fileID: 0}
    - target: {fileID: 4897810108852956, guid: f63e650d0816544aa8b6f1d3f6913e45, type: 2}
      propertyPath: m_LocalPosition.z
      value: 117.2
      objectReference: {fileID: 0}
    - target: {fileID: 4897810108852956, guid: f63e650d0816544aa8b6f1d3f6913e45, type: 2}
      propertyPath: m_LocalRotation.x
      value: 0
      objectReference: {fileID: 0}
    - target: {fileID: 4897810108852956, guid: f63e650d0816544aa8b6f1d3f6913e45, type: 2}
      propertyPath: m_LocalRotation.y
      value: -0
      objectReference: {fileID: 0}
    - target: {fileID: 4897810108852956, guid: f63e650d0816544aa8b6f1d3f6913e45, type: 2}
      propertyPath: m_LocalRotation.z
      value: -0
      objectReference: {fileID: 0}
    - target: {fileID: 4897810108852956, guid: f63e650d0816544aa8b6f1d3f6913e45, type: 2}
      propertyPath: m_LocalRotation.w
      value: 1
      objectReference: {fileID: 0}
    - target: {fileID: 4897810108852956, guid: f63e650d0816544aa8b6f1d3f6913e45, type: 2}
      propertyPath: m_RootOrder
      value: 2
      objectReference: {fileID: 0}
    m_RemovedComponents: []
  m_ParentPrefab: {fileID: 100100000, guid: f63e650d0816544aa8b6f1d3f6913e45, type: 2}
  m_IsPrefabParent: 0
--- !u!1001 &1818649864
Prefab:
  m_ObjectHideFlags: 0
  serializedVersion: 2
  m_Modification:
    m_TransformParent: {fileID: 0}
    m_Modifications:
    - target: {fileID: 4790899523980534, guid: 364989a9b344440e0b15145db4937c60, type: 2}
      propertyPath: m_LocalPosition.x
      value: 128.3
      objectReference: {fileID: 0}
    - target: {fileID: 4790899523980534, guid: 364989a9b344440e0b15145db4937c60, type: 2}
      propertyPath: m_LocalPosition.y
      value: -22.21
      objectReference: {fileID: 0}
    - target: {fileID: 4790899523980534, guid: 364989a9b344440e0b15145db4937c60, type: 2}
      propertyPath: m_LocalPosition.z
      value: 113.82
      objectReference: {fileID: 0}
    - target: {fileID: 4790899523980534, guid: 364989a9b344440e0b15145db4937c60, type: 2}
      propertyPath: m_LocalRotation.x
      value: 0
      objectReference: {fileID: 0}
    - target: {fileID: 4790899523980534, guid: 364989a9b344440e0b15145db4937c60, type: 2}
      propertyPath: m_LocalRotation.y
      value: 0
      objectReference: {fileID: 0}
    - target: {fileID: 4790899523980534, guid: 364989a9b344440e0b15145db4937c60, type: 2}
      propertyPath: m_LocalRotation.z
      value: 0
      objectReference: {fileID: 0}
    - target: {fileID: 4790899523980534, guid: 364989a9b344440e0b15145db4937c60, type: 2}
      propertyPath: m_LocalRotation.w
      value: 1
      objectReference: {fileID: 0}
    - target: {fileID: 4790899523980534, guid: 364989a9b344440e0b15145db4937c60, type: 2}
      propertyPath: m_RootOrder
      value: 11
      objectReference: {fileID: 0}
    - target: {fileID: 1077493946710812, guid: 364989a9b344440e0b15145db4937c60, type: 2}
      propertyPath: m_Name
      value: Player (1)
      objectReference: {fileID: 0}
    - target: {fileID: 224153280555401964, guid: 364989a9b344440e0b15145db4937c60,
        type: 2}
      propertyPath: m_AnchorMin.y
      value: 0
      objectReference: {fileID: 0}
    - target: {fileID: 224153280555401964, guid: 364989a9b344440e0b15145db4937c60,
        type: 2}
      propertyPath: m_AnchorMax.y
      value: 0
      objectReference: {fileID: 0}
    - target: {fileID: 224153280555401964, guid: 364989a9b344440e0b15145db4937c60,
        type: 2}
      propertyPath: m_AnchoredPosition.x
      value: 0
      objectReference: {fileID: 0}
    - target: {fileID: 224153280555401964, guid: 364989a9b344440e0b15145db4937c60,
        type: 2}
      propertyPath: m_AnchoredPosition.y
      value: 0
      objectReference: {fileID: 0}
    - target: {fileID: 224153280555401964, guid: 364989a9b344440e0b15145db4937c60,
        type: 2}
      propertyPath: m_SizeDelta.x
      value: 0
      objectReference: {fileID: 0}
    - target: {fileID: 224153280555401964, guid: 364989a9b344440e0b15145db4937c60,
        type: 2}
      propertyPath: m_SizeDelta.y
      value: 0
      objectReference: {fileID: 0}
    m_RemovedComponents: []
  m_ParentPrefab: {fileID: 100100000, guid: 364989a9b344440e0b15145db4937c60, type: 2}
  m_IsPrefabParent: 0
--- !u!1001 &1878483172
Prefab:
  m_ObjectHideFlags: 0
  serializedVersion: 2
  m_Modification:
    m_TransformParent: {fileID: 0}
    m_Modifications:
    - target: {fileID: 4624330745462918, guid: 9047fcdd17fc74fc5b1994f3d19a546b, type: 2}
      propertyPath: m_LocalPosition.x
      value: 15.558319
      objectReference: {fileID: 0}
    - target: {fileID: 4624330745462918, guid: 9047fcdd17fc74fc5b1994f3d19a546b, type: 2}
      propertyPath: m_LocalPosition.y
      value: -20.295193
      objectReference: {fileID: 0}
    - target: {fileID: 4624330745462918, guid: 9047fcdd17fc74fc5b1994f3d19a546b, type: 2}
      propertyPath: m_LocalPosition.z
      value: 212.95709
      objectReference: {fileID: 0}
    - target: {fileID: 4624330745462918, guid: 9047fcdd17fc74fc5b1994f3d19a546b, type: 2}
      propertyPath: m_LocalRotation.x
      value: 0
      objectReference: {fileID: 0}
    - target: {fileID: 4624330745462918, guid: 9047fcdd17fc74fc5b1994f3d19a546b, type: 2}
      propertyPath: m_LocalRotation.y
      value: 0
      objectReference: {fileID: 0}
    - target: {fileID: 4624330745462918, guid: 9047fcdd17fc74fc5b1994f3d19a546b, type: 2}
      propertyPath: m_LocalRotation.z
      value: 0
      objectReference: {fileID: 0}
    - target: {fileID: 4624330745462918, guid: 9047fcdd17fc74fc5b1994f3d19a546b, type: 2}
      propertyPath: m_LocalRotation.w
      value: 1
      objectReference: {fileID: 0}
    - target: {fileID: 4624330745462918, guid: 9047fcdd17fc74fc5b1994f3d19a546b, type: 2}
      propertyPath: m_RootOrder
      value: 9
      objectReference: {fileID: 0}
    m_RemovedComponents: []
  m_ParentPrefab: {fileID: 100100000, guid: 9047fcdd17fc74fc5b1994f3d19a546b, type: 2}
  m_IsPrefabParent: 0
--- !u!1001 &1900640056
Prefab:
  m_ObjectHideFlags: 0
  serializedVersion: 2
  m_Modification:
    m_TransformParent: {fileID: 0}
    m_Modifications:
    - target: {fileID: 4569696640218478, guid: 9c0d35ab4135c4aa4965980238864ca5, type: 2}
      propertyPath: m_LocalPosition.x
      value: 131.10646
      objectReference: {fileID: 0}
    - target: {fileID: 4569696640218478, guid: 9c0d35ab4135c4aa4965980238864ca5, type: 2}
      propertyPath: m_LocalPosition.y
      value: -18.882912
      objectReference: {fileID: 0}
    - target: {fileID: 4569696640218478, guid: 9c0d35ab4135c4aa4965980238864ca5, type: 2}
      propertyPath: m_LocalPosition.z
      value: 115.54318
      objectReference: {fileID: 0}
    - target: {fileID: 4569696640218478, guid: 9c0d35ab4135c4aa4965980238864ca5, type: 2}
      propertyPath: m_LocalRotation.x
      value: 0
      objectReference: {fileID: 0}
    - target: {fileID: 4569696640218478, guid: 9c0d35ab4135c4aa4965980238864ca5, type: 2}
      propertyPath: m_LocalRotation.y
      value: 0
      objectReference: {fileID: 0}
    - target: {fileID: 4569696640218478, guid: 9c0d35ab4135c4aa4965980238864ca5, type: 2}
      propertyPath: m_LocalRotation.z
      value: 0
      objectReference: {fileID: 0}
    - target: {fileID: 4569696640218478, guid: 9c0d35ab4135c4aa4965980238864ca5, type: 2}
      propertyPath: m_LocalRotation.w
      value: 1
      objectReference: {fileID: 0}
    - target: {fileID: 4569696640218478, guid: 9c0d35ab4135c4aa4965980238864ca5, type: 2}
      propertyPath: m_RootOrder
      value: 29
      objectReference: {fileID: 0}
    - target: {fileID: 1746475319031524, guid: 9c0d35ab4135c4aa4965980238864ca5, type: 2}
      propertyPath: m_IsActive
      value: 1
      objectReference: {fileID: 0}
    - target: {fileID: 1746475319031524, guid: 9c0d35ab4135c4aa4965980238864ca5, type: 2}
      propertyPath: m_Name
      value: Lambent_Male (2)
      objectReference: {fileID: 0}
    m_RemovedComponents: []
  m_ParentPrefab: {fileID: 100100000, guid: 9c0d35ab4135c4aa4965980238864ca5, type: 2}
  m_IsPrefabParent: 0
--- !u!1001 &1924167781
Prefab:
  m_ObjectHideFlags: 0
  serializedVersion: 2
  m_Modification:
    m_TransformParent: {fileID: 0}
    m_Modifications:
    - target: {fileID: 4276111303797634, guid: c9c1a2bb70bd14cebb0808d498206129, type: 2}
      propertyPath: m_LocalPosition.x
      value: 127.79892
      objectReference: {fileID: 0}
    - target: {fileID: 4276111303797634, guid: c9c1a2bb70bd14cebb0808d498206129, type: 2}
      propertyPath: m_LocalPosition.y
      value: -0.3529892
      objectReference: {fileID: 0}
    - target: {fileID: 4276111303797634, guid: c9c1a2bb70bd14cebb0808d498206129, type: 2}
      propertyPath: m_LocalPosition.z
      value: 114.29806
      objectReference: {fileID: 0}
    - target: {fileID: 4276111303797634, guid: c9c1a2bb70bd14cebb0808d498206129, type: 2}
      propertyPath: m_LocalRotation.x
      value: -0
      objectReference: {fileID: 0}
    - target: {fileID: 4276111303797634, guid: c9c1a2bb70bd14cebb0808d498206129, type: 2}
      propertyPath: m_LocalRotation.y
      value: -0
      objectReference: {fileID: 0}
    - target: {fileID: 4276111303797634, guid: c9c1a2bb70bd14cebb0808d498206129, type: 2}
      propertyPath: m_LocalRotation.z
      value: -0
      objectReference: {fileID: 0}
    - target: {fileID: 4276111303797634, guid: c9c1a2bb70bd14cebb0808d498206129, type: 2}
      propertyPath: m_LocalRotation.w
      value: 1
      objectReference: {fileID: 0}
    - target: {fileID: 4276111303797634, guid: c9c1a2bb70bd14cebb0808d498206129, type: 2}
      propertyPath: m_RootOrder
      value: 4
      objectReference: {fileID: 0}
    - target: {fileID: 1615546242170994, guid: c9c1a2bb70bd14cebb0808d498206129, type: 2}
      propertyPath: m_IsActive
      value: 0
      objectReference: {fileID: 0}
    m_RemovedComponents: []
  m_ParentPrefab: {fileID: 100100000, guid: c9c1a2bb70bd14cebb0808d498206129, type: 2}
  m_IsPrefabParent: 0
--- !u!1001 &1968369734
Prefab:
  m_ObjectHideFlags: 0
  serializedVersion: 2
  m_Modification:
    m_TransformParent: {fileID: 0}
    m_Modifications:
    - target: {fileID: 4210543203977100, guid: e13293a9cef8944be80bdd87b32e5f5e, type: 2}
      propertyPath: m_LocalPosition.x
      value: 126.33
      objectReference: {fileID: 0}
    - target: {fileID: 4210543203977100, guid: e13293a9cef8944be80bdd87b32e5f5e, type: 2}
      propertyPath: m_LocalPosition.y
      value: 1.193
      objectReference: {fileID: 0}
    - target: {fileID: 4210543203977100, guid: e13293a9cef8944be80bdd87b32e5f5e, type: 2}
      propertyPath: m_LocalPosition.z
      value: 111.147
      objectReference: {fileID: 0}
    - target: {fileID: 4210543203977100, guid: e13293a9cef8944be80bdd87b32e5f5e, type: 2}
      propertyPath: m_LocalRotation.x
      value: 0
      objectReference: {fileID: 0}
    - target: {fileID: 4210543203977100, guid: e13293a9cef8944be80bdd87b32e5f5e, type: 2}
      propertyPath: m_LocalRotation.y
      value: 0
      objectReference: {fileID: 0}
    - target: {fileID: 4210543203977100, guid: e13293a9cef8944be80bdd87b32e5f5e, type: 2}
      propertyPath: m_LocalRotation.z
      value: 0
      objectReference: {fileID: 0}
    - target: {fileID: 4210543203977100, guid: e13293a9cef8944be80bdd87b32e5f5e, type: 2}
      propertyPath: m_LocalRotation.w
      value: 1
      objectReference: {fileID: 0}
    - target: {fileID: 4210543203977100, guid: e13293a9cef8944be80bdd87b32e5f5e, type: 2}
      propertyPath: m_RootOrder
      value: 10
      objectReference: {fileID: 0}
    - target: {fileID: 1891389806694306, guid: e13293a9cef8944be80bdd87b32e5f5e, type: 2}
      propertyPath: m_Name
      value: 2 (1)
      objectReference: {fileID: 0}
    - target: {fileID: 224140681715824822, guid: e13293a9cef8944be80bdd87b32e5f5e,
        type: 2}
      propertyPath: m_LocalScale.x
      value: 1
      objectReference: {fileID: 0}
    - target: {fileID: 224140681715824822, guid: e13293a9cef8944be80bdd87b32e5f5e,
        type: 2}
      propertyPath: m_LocalScale.y
      value: 1
      objectReference: {fileID: 0}
    - target: {fileID: 224140681715824822, guid: e13293a9cef8944be80bdd87b32e5f5e,
        type: 2}
      propertyPath: m_LocalScale.z
      value: 1
      objectReference: {fileID: 0}
    m_RemovedComponents: []
  m_ParentPrefab: {fileID: 100100000, guid: e13293a9cef8944be80bdd87b32e5f5e, type: 2}
  m_IsPrefabParent: 0
--- !u!1001 &1995322041
Prefab:
  m_ObjectHideFlags: 0
  serializedVersion: 2
  m_Modification:
    m_TransformParent: {fileID: 0}
    m_Modifications:
    - target: {fileID: 4276111303797634, guid: 2aa40f67abc7e4fd4b16b5399fa4cd94, type: 2}
      propertyPath: m_LocalPosition.x
      value: 128.65918
      objectReference: {fileID: 0}
    - target: {fileID: 4276111303797634, guid: 2aa40f67abc7e4fd4b16b5399fa4cd94, type: 2}
      propertyPath: m_LocalPosition.y
      value: -21
      objectReference: {fileID: 0}
    - target: {fileID: 4276111303797634, guid: 2aa40f67abc7e4fd4b16b5399fa4cd94, type: 2}
      propertyPath: m_LocalPosition.z
      value: 108.98
      objectReference: {fileID: 0}
    - target: {fileID: 4276111303797634, guid: 2aa40f67abc7e4fd4b16b5399fa4cd94, type: 2}
      propertyPath: m_LocalRotation.x
      value: -0
      objectReference: {fileID: 0}
    - target: {fileID: 4276111303797634, guid: 2aa40f67abc7e4fd4b16b5399fa4cd94, type: 2}
      propertyPath: m_LocalRotation.y
      value: -0
      objectReference: {fileID: 0}
    - target: {fileID: 4276111303797634, guid: 2aa40f67abc7e4fd4b16b5399fa4cd94, type: 2}
      propertyPath: m_LocalRotation.z
      value: -0
      objectReference: {fileID: 0}
    - target: {fileID: 4276111303797634, guid: 2aa40f67abc7e4fd4b16b5399fa4cd94, type: 2}
      propertyPath: m_LocalRotation.w
      value: 1
      objectReference: {fileID: 0}
    - target: {fileID: 4276111303797634, guid: 2aa40f67abc7e4fd4b16b5399fa4cd94, type: 2}
      propertyPath: m_RootOrder
      value: 1
      objectReference: {fileID: 0}
    m_RemovedComponents: []
  m_ParentPrefab: {fileID: 100100000, guid: 2aa40f67abc7e4fd4b16b5399fa4cd94, type: 2}
  m_IsPrefabParent: 0
--- !u!1001 &2003047119
Prefab:
  m_ObjectHideFlags: 0
  serializedVersion: 2
  m_Modification:
    m_TransformParent: {fileID: 0}
    m_Modifications:
    - target: {fileID: 4897810108852956, guid: f63e650d0816544aa8b6f1d3f6913e45, type: 2}
      propertyPath: m_LocalPosition.x
      value: 130.78
      objectReference: {fileID: 0}
    - target: {fileID: 4897810108852956, guid: f63e650d0816544aa8b6f1d3f6913e45, type: 2}
      propertyPath: m_LocalPosition.y
      value: -21
      objectReference: {fileID: 0}
    - target: {fileID: 4897810108852956, guid: f63e650d0816544aa8b6f1d3f6913e45, type: 2}
      propertyPath: m_LocalPosition.z
      value: 118.1
      objectReference: {fileID: 0}
    - target: {fileID: 4897810108852956, guid: f63e650d0816544aa8b6f1d3f6913e45, type: 2}
      propertyPath: m_LocalRotation.x
      value: 0
      objectReference: {fileID: 0}
    - target: {fileID: 4897810108852956, guid: f63e650d0816544aa8b6f1d3f6913e45, type: 2}
      propertyPath: m_LocalRotation.y
      value: -0
      objectReference: {fileID: 0}
    - target: {fileID: 4897810108852956, guid: f63e650d0816544aa8b6f1d3f6913e45, type: 2}
      propertyPath: m_LocalRotation.z
      value: -0
      objectReference: {fileID: 0}
    - target: {fileID: 4897810108852956, guid: f63e650d0816544aa8b6f1d3f6913e45, type: 2}
      propertyPath: m_LocalRotation.w
      value: 1
      objectReference: {fileID: 0}
    - target: {fileID: 4897810108852956, guid: f63e650d0816544aa8b6f1d3f6913e45, type: 2}
      propertyPath: m_RootOrder
      value: 18
      objectReference: {fileID: 0}
    - target: {fileID: 1896615553607456, guid: f63e650d0816544aa8b6f1d3f6913e45, type: 2}
      propertyPath: m_Name
      value: Wand (7)
      objectReference: {fileID: 0}
    - target: {fileID: 1896615553607456, guid: f63e650d0816544aa8b6f1d3f6913e45, type: 2}
      propertyPath: m_IsActive
      value: 0
      objectReference: {fileID: 0}
    m_RemovedComponents: []
  m_ParentPrefab: {fileID: 100100000, guid: f63e650d0816544aa8b6f1d3f6913e45, type: 2}
  m_IsPrefabParent: 0
--- !u!1001 &2047414575
Prefab:
  m_ObjectHideFlags: 0
  serializedVersion: 2
  m_Modification:
    m_TransformParent: {fileID: 0}
    m_Modifications:
    - target: {fileID: 4276111303797634, guid: 2aa40f67abc7e4fd4b16b5399fa4cd94, type: 2}
      propertyPath: m_LocalPosition.x
      value: 131.66
      objectReference: {fileID: 0}
    - target: {fileID: 4276111303797634, guid: 2aa40f67abc7e4fd4b16b5399fa4cd94, type: 2}
      propertyPath: m_LocalPosition.y
      value: -21
      objectReference: {fileID: 0}
    - target: {fileID: 4276111303797634, guid: 2aa40f67abc7e4fd4b16b5399fa4cd94, type: 2}
      propertyPath: m_LocalPosition.z
      value: 108.98
      objectReference: {fileID: 0}
    - target: {fileID: 4276111303797634, guid: 2aa40f67abc7e4fd4b16b5399fa4cd94, type: 2}
      propertyPath: m_LocalRotation.x
      value: -0
      objectReference: {fileID: 0}
    - target: {fileID: 4276111303797634, guid: 2aa40f67abc7e4fd4b16b5399fa4cd94, type: 2}
      propertyPath: m_LocalRotation.y
      value: -0
      objectReference: {fileID: 0}
    - target: {fileID: 4276111303797634, guid: 2aa40f67abc7e4fd4b16b5399fa4cd94, type: 2}
      propertyPath: m_LocalRotation.z
      value: -0
      objectReference: {fileID: 0}
    - target: {fileID: 4276111303797634, guid: 2aa40f67abc7e4fd4b16b5399fa4cd94, type: 2}
      propertyPath: m_LocalRotation.w
      value: 1
      objectReference: {fileID: 0}
    - target: {fileID: 4276111303797634, guid: 2aa40f67abc7e4fd4b16b5399fa4cd94, type: 2}
      propertyPath: m_RootOrder
      value: 25
      objectReference: {fileID: 0}
    - target: {fileID: 1615546242170994, guid: 2aa40f67abc7e4fd4b16b5399fa4cd94, type: 2}
      propertyPath: m_Name
      value: Doux (6)
      objectReference: {fileID: 0}
    - target: {fileID: 1615546242170994, guid: 2aa40f67abc7e4fd4b16b5399fa4cd94, type: 2}
      propertyPath: m_IsActive
      value: 0
      objectReference: {fileID: 0}
    m_RemovedComponents: []
  m_ParentPrefab: {fileID: 100100000, guid: 2aa40f67abc7e4fd4b16b5399fa4cd94, type: 2}
  m_IsPrefabParent: 0
--- !u!1 &2105477889
GameObject:
  m_ObjectHideFlags: 0
  m_PrefabParentObject: {fileID: 0}
  m_PrefabInternal: {fileID: 0}
  serializedVersion: 5
  m_Component:
  - component: {fileID: 2105477892}
  - component: {fileID: 2105477891}
  - component: {fileID: 2105477890}
  m_Layer: 0
  m_Name: Terrain
  m_TagString: Untagged
  m_Icon: {fileID: 0}
  m_NavMeshLayer: 0
  m_StaticEditorFlags: 4294967295
  m_IsActive: 1
--- !u!154 &2105477890
TerrainCollider:
  m_ObjectHideFlags: 0
  m_PrefabParentObject: {fileID: 0}
  m_PrefabInternal: {fileID: 0}
  m_GameObject: {fileID: 2105477889}
  m_Material: {fileID: 0}
  m_Enabled: 1
  m_TerrainData: {fileID: 15600000, guid: 55ee56a80fadb4588819b9ef5205bb98, type: 2}
  m_EnableTreeColliders: 1
--- !u!218 &2105477891
Terrain:
  m_ObjectHideFlags: 0
  m_PrefabParentObject: {fileID: 0}
  m_PrefabInternal: {fileID: 0}
  m_GameObject: {fileID: 2105477889}
  m_Enabled: 1
  serializedVersion: 3
  m_TerrainData: {fileID: 15600000, guid: 55ee56a80fadb4588819b9ef5205bb98, type: 2}
  m_TreeDistance: 2000
  m_TreeBillboardDistance: 50
  m_TreeCrossFadeLength: 5
  m_TreeMaximumFullLODCount: 50
  m_DetailObjectDistance: 80
  m_DetailObjectDensity: 1
  m_HeightmapPixelError: 5
  m_SplatMapDistance: 1000
  m_HeightmapMaximumLOD: 0
  m_CastShadows: 1
  m_DrawHeightmap: 1
  m_DrawTreesAndFoliage: 1
  m_ReflectionProbeUsage: 1
  m_MaterialType: 0
  m_LegacySpecular:
    serializedVersion: 2
    rgba: 4286545791
  m_LegacyShininess: 0.078125
  m_MaterialTemplate: {fileID: 0}
  m_BakeLightProbesForTrees: 1
  m_ScaleInLightmap: 0.0512
  m_LightmapParameters: {fileID: 15203, guid: 0000000000000000f000000000000000, type: 0}
--- !u!4 &2105477892
Transform:
  m_ObjectHideFlags: 0
  m_PrefabParentObject: {fileID: 0}
  m_PrefabInternal: {fileID: 0}
  m_GameObject: {fileID: 2105477889}
  m_LocalRotation: {x: 0, y: 0, z: 0, w: 1}
  m_LocalPosition: {x: -52, y: -121, z: 0}
  m_LocalScale: {x: 1, y: 1, z: 1}
  m_Children: []
  m_Father: {fileID: 0}
  m_RootOrder: 7
  m_LocalEulerAnglesHint: {x: 0, y: 0, z: 0}
